<?xml version="1.0" encoding="UTF-8"?><collection><record><leader>05936ntm a2200553 a 4500</leader><controlfield tag="001">005985859</controlfield><controlfield tag="003">MiAaHDL</controlfield><controlfield tag="005">20190719000000.0</controlfield><controlfield tag="006">m        d        </controlfield><controlfield tag="007">cr bn ---auaua</controlfield><controlfield tag="008">090406s14uu    xx            00| ||ara d</controlfield><datafield tag="035" ind1=" " ind2=" "><subfield code="a">(MiU)005985859</subfield></datafield><datafield tag="035" ind1=" " ind2=" "><subfield code="a">sdr-miu005985859</subfield></datafield><datafield tag="040" ind1=" " ind2=" "><subfield code="a">MiU</subfield><subfield code="c">MiU</subfield></datafield><datafield tag="100" ind1="1" ind2=" "><subfield code="6">880-01</subfield><subfield code="a">Zamakhsharī, Maḥmūd ibn ʻUmar,</subfield><subfield code="d">1075-1144.</subfield></datafield><datafield tag="240" ind1="1" ind2="0"><subfield code="6">880-02</subfield><subfield code="a">Kashshāf.</subfield><subfield code="n">Niṣf 1</subfield></datafield><datafield tag="245" ind1="1" ind2="3"><subfield code="6">880-03</subfield><subfield code="a">[al-Niṣf al-awwal min tafsīr al-Kashshāf,</subfield><subfield code="f">15th century].</subfield></datafield><datafield tag="246" ind1="3" ind2=" "><subfield code="i">Edgetitle:</subfield><subfield code="a">نصف اول من تفسير كشاف</subfield></datafield><datafield tag="246" ind1="3" ind2=" "><subfield code="a">Tafsīr-i Kashshāf Niṣf-i avval</subfield></datafield><datafield tag="260" ind1=" " ind2=" "><subfield code="c">[14--?]</subfield></datafield><datafield tag="300" ind1=" " ind2=" "><subfield code="a">342 leaves :</subfield><subfield code="b">paper ;</subfield><subfield code="c">245 x 165 (200 x 120) mm.</subfield></datafield><datafield tag="500" ind1=" " ind2=" "><subfield code="a">Shelfmark: Ann Arbor, University of Michigan, Special Collections Library, Isl. Ms. 5 v.1</subfield></datafield><datafield tag="500" ind1=" " ind2=" "><subfield code="a">Origin: Lacks a colophon. Paper would indicate roughly late 17th century for repairs and binding.</subfield></datafield><datafield tag="500" ind1=" " ind2=" "><subfield code="a">Accompanying materials: Scrap of paper inserted between fol.85-86 with the same two lines copied twice.</subfield></datafield><datafield tag="500" ind1=" " ind2=" "><subfield code="a">Former shelfmark: British Museum, London "No. 48. Zamakhshari's commentary on the Kuran I - XXV." ; "٢۰۰٦" on tail edge of textblock (along with edge title).</subfield></datafield><datafield tag="500" ind1=" " ind2=" "><subfield code="a">Binding: Pasteboards covered in marbled paper (in turquoise, crimson, and olive bistre) with spine in dark brown leather (effect of quarter binding) ; Type III (without flap) ; pastedowns in marbled paper (combed, in salmon rose, bright yellow, yellow green, pink tint, and gray blue) ; in fair condition but damaged with spine detaching in several places and spine linen visible where leather has been stripped; abrasion along edges, exposing pasteboards; and wear to marbled paper at corners.</subfield></datafield><datafield tag="500" ind1=" " ind2=" "><subfield code="a">Support: non-European paper ; with thick, sagging laid lines spaced approximately 6-7 laid lines per cm. ; unclear chain lines, possibly in groups of two or four. (see fol. 266 / p. 532, group of two spaced roughly 15 mm.) ; thick and smooth ; flyleaves and repairs in European paper, with evenly spaced vertical chain lines spaced rough 30 mm., thin ; paschal lamb watermark in flyleaf (enclosed in a four-lobed circle, approx. 40 x 50 mm. ; most similar to Piccard inv. J 340/no. 86802 / Venice, 1662).</subfield></datafield><datafield tag="500" ind1=" " ind2=" "><subfield code="a">Decoration: Text rubricated with sūrah headings, words such as "قلت" and "فان قلت", etc. in red.</subfield></datafield><datafield tag="500" ind1=" " ind2=" "><subfield code="a">Script: Naskh ; single hand for the majority of the text with a single hand supplying the text of the repaired portions ; main hand is partially seriffed with left-sloped head-serifs, mainly employing al-lām alif al-muḥaqqaqah but occasionally al-lām alif al-mukhaffafah, and mostly closed counters but quite inconsistent ; hand supplied repaired portions is sans serif, employing al-lām alif al-mukhaffafah nearly exclusively, with the two lines occasionally parallel, closed counters, and a free-standing nūn nearly forming a complete circle ; both hands are fully pointed with occasional vocalization in the same pen and ink.</subfield></datafield><datafield tag="500" ind1=" " ind2=" "><subfield code="a">Layout: Written in 33 lines per page.</subfield></datafield><datafield tag="500" ind1=" " ind2=" "><subfield code="a">Collation: i, 14 IV (112), IV+1 (121), 22 V (341), 1 (342), ii ; chiefly quaternions and quinions ; catchwords present ; pagination in pencil, Western numerals (supplied during cataloguing).</subfield></datafield><datafield tag="500" ind1=" " ind2=" "><subfield code="a">Explicit: "وهذا كقوله وما انت عليهم بجبار لست عليهم بمصيطر ويروى ان الرجل منهم كان يعبد الحجر فاذا رأى احسن منه رمى به وأخذ اخر ومنه الحرث بن قيس السهمي"</subfield></datafield><datafield tag="500" ind1=" " ind2=" "><subfield code="a">Incipit: "الحمد لله الذي انزل القران كلاما مؤلفا منظما ونزله بحسب المصالح منجما وجعله بالتحميد مفتتحا وبالاستعانة مختتما واوحاه على قسمين متشابها ومحكما وفصله سورا وسوره ايات..."</subfield></datafield><datafield tag="500" ind1=" " ind2=" "><subfield code="a">Title supplied by cataloguer from inscriptions on opening folia and tail of textblock.</subfield></datafield><datafield tag="500" ind1=" " ind2=" "><subfield code="a">Ms. codex.</subfield></datafield><datafield tag="510" ind1="4" ind2=" "><subfield code="a">Brockelmann, C. GAL,</subfield><subfield code="c">I, 345 ; SI</subfield></datafield><datafield tag="520" ind1="8" ind2=" "><subfield code="a">An odd first volume of al-Zamakhsharī's celebrated commentary on the Qurʼān treating Sūrat al-Fātiḥah (1) through verse 43 of Sūrat al-Furqān (25) [see Isl. Ms. 5 v.2 for a second odd volume treating Sūrahs 7-32 ]. Description provided by Alison Vacca.</subfield></datafield><datafield tag="538" ind1=" " ind2=" "><subfield code="a">Mode of access: Internet.</subfield></datafield><datafield tag="541" ind1=" " ind2=" "><subfield code="c">Purchase ;</subfield><subfield code="a">Acquired by purchase along with Abdul Hamid Collection (funds donated by Horace Rackham).</subfield><subfield code="d">1924.</subfield></datafield><datafield tag="546" ind1=" " ind2=" "><subfield code="a">Arabic.</subfield></datafield><datafield tag="561" ind1=" " ind2=" "><subfield code="a">Bookplate of British Museum, London on inner front cover,"No. 48. Zamakhshari's commentary on the Kuran I - XXV." ; circular seal impression with figure of goat/gazelle in purple ink as well as inscription "109" in Western numerals on front flyleaf ; inscription on back flyleaf "عبد الله" ; ownership statement in name of Muḥammad ʻUbayd Allāh Saʻdī Zādah on fol.2a (p.3) reads "ملكه الفقير اليه سبحانه محمد عبيد الله المعروف بسعدي زاده غفر له" ; many marginal corrections (frequently marked with صح (see fol. 221b / p. 442, etc.); signes-de-renvoi appearing as numbers (see fol. 130a / p. 259, etc.) ; some text crossed out (see fol. 304a / p. 607) ; kabīkaj invocation on fol.2a (p.3) reads "يا كبيكج يا حفيظ".</subfield></datafield><datafield tag="630" ind1="0" ind2="0"><subfield code="a">Qurʼan</subfield><subfield code="v">Commentaries</subfield><subfield code="v">Early works to 1800.</subfield></datafield><datafield tag="650" ind1=" " ind2="0"><subfield code="a">Manuscripts, Arabic</subfield><subfield code="z">Michigan</subfield><subfield code="z">Ann Arbor.</subfield></datafield><datafield tag="700" ind1="0" ind2=" "><subfield code="6">880-05</subfield><subfield code="a">Mehmet Ubeydullah Sadizade,</subfield><subfield code="e">former owner.</subfield></datafield><datafield tag="773" ind1="0" ind2=" "><subfield code="a">Tiflis Collection.</subfield></datafield><datafield tag="880" ind1="0" ind2=" "><subfield code="6">700-05/</subfield><subfield code="a">محمد عبيد الله سعدى زاده,</subfield><subfield code="e">مالك سابق.</subfield></datafield><datafield tag="880" ind1="1" ind2="2"><subfield code="6">245-03/</subfield><subfield code="a">[النصف الأول من تفسير الكشاف,</subfield><subfield code="f">القرن 15م].</subfield></datafield><datafield tag="880" ind1="1" ind2="0"><subfield code="6">240-02/</subfield><subfield code="a">كشاف.</subfield><subfield code="n">نصف 1</subfield></datafield><datafield tag="880" ind1="1" ind2=" "><subfield code="6">100-01/</subfield><subfield code="a">زمخشري، محمود بن عمر</subfield></datafield><datafield tag="CID" ind1=" " ind2=" "><subfield code="a">005985859</subfield></datafield><datafield tag="DAT" ind1="0" ind2=" "><subfield code="a">20190719102633.0</subfield><subfield code="b">20190719000000.0</subfield></datafield><datafield tag="DAT" ind1="1" ind2=" "><subfield code="a">20190719090653.0</subfield><subfield code="b">2019-07-19T16:11:09Z</subfield></datafield><datafield tag="DAT" ind1="2" ind2=" "><subfield code="a">2015-10-10T18:00:06Z</subfield></datafield><datafield tag="CAT" ind1=" " ind2=" "><subfield code="a">SDR-MIU</subfield><subfield code="d">EX LIBRIS - ALEPH</subfield><subfield code="l">prepare.pl-004-008</subfield></datafield><datafield tag="FMT" ind1=" " ind2=" "><subfield code="a">BK</subfield></datafield><datafield tag="HOL" ind1=" " ind2=" "><subfield code="0">sdr-miu005985859</subfield><subfield code="a">MiU</subfield><subfield code="b">SDR</subfield><subfield code="c">MIU</subfield><subfield code="p">mdp.39015079132240</subfield><subfield code="s">MIU</subfield><subfield code="1">005985859</subfield></datafield><datafield tag="974" ind1=" " ind2=" "><subfield code="b">MIU</subfield><subfield code="c">MIU</subfield><subfield code="d">20190719</subfield><subfield code="s">lit-dlps-dc</subfield><subfield code="u">mdp.39015079132240</subfield><subfield code="y">1499</subfield><subfield code="r">pd</subfield><subfield code="q">bib</subfield><subfield code="t">non-US bib date1 &lt; 1879</subfield></datafield></record></collection>